<record><leader>00000cas a22000007a 4500</leader><controlfield tag="001">1642630</controlfield><controlfield tag="008">750921d18961926mnuwr ne      0    0eng d</controlfield><datafield ind1=" " ind2=" " tag="010"><subfield code="a">sn 91059013 </subfield></datafield><datafield ind1=" " ind2=" " tag="040"><subfield code="a">MUL</subfield><subfield code="b">eng</subfield><subfield code="c">MUL</subfield><subfield code="d">MN#</subfield><subfield code="d">OCLCQ</subfield><subfield code="d">OCLCF</subfield><subfield code="d">OCLCO</subfield></datafield><datafield ind1=" " ind2=" " tag="042"><subfield code="a">msc</subfield></datafield><datafield ind1=" " ind2=" " tag="043"><subfield code="a">n-us-mn</subfield></datafield><datafield ind1=" " ind2=" " tag="052"><subfield code="a">4144</subfield><subfield code="b">S56</subfield></datafield><datafield ind1=" " ind2=" " tag="052"><subfield code="a">4143</subfield><subfield code="b">S3</subfield></datafield><datafield ind1="0" ind2="4" tag="245"><subfield code="a">The Shakopee tribune.</subfield></datafield><datafield ind1=" " ind2=" " tag="260"><subfield code="a">Shakopee, Minn. :</subfield><subfield code="b">P.H. Golden,</subfield><subfield code="c">-1926.</subfield></datafield><datafield ind1=" " ind2=" " tag="300"><subfield code="a">v.</subfield></datafield><datafield ind1=" " ind2=" " tag="310"><subfield code="a">Weekly</subfield></datafield><datafield ind1="1" ind2=" " tag="362"><subfield code="a">Began in 1896.</subfield></datafield><datafield ind1="0" ind2=" " tag="362"><subfield code="a">-v. 31, no. 1 (Mar. 25, 1926).</subfield></datafield><datafield ind1=" " ind2=" " tag="530"><subfield code="a">Available on microfilm from the Minnesota Historical Society.</subfield></datafield><datafield ind1=" " ind2=" " tag="588"><subfield code="a">Description based on: Vol. 1, no. 51 (Apr. 16, 1897).</subfield></datafield><datafield ind1=" " ind2="0" tag="651"><subfield code="a">Shakopee (Minn.)</subfield><subfield code="v">Newspapers.</subfield></datafield><datafield ind1=" " ind2="7" tag="655"><subfield code="a">Newspapers.</subfield><subfield code="2">fast</subfield><subfield code="0">(OCoLC)fst01423814</subfield></datafield><datafield ind1=" " ind2="7" tag="651"><subfield code="a">Minnesota</subfield><subfield code="z">Shakopee.</subfield><subfield code="2">fast</subfield><subfield code="0">(OCoLC)fst01202678</subfield></datafield><datafield ind1=" " ind2=" " tag="752"><subfield code="a">United States</subfield><subfield code="b">Minnesota</subfield><subfield code="c">Scott</subfield><subfield code="d">Shakopee.</subfield></datafield><datafield ind1="0" ind2="7" tag="785"><subfield code="t">Shakopee Argus (Shakopee, Minn. : 1920)</subfield><subfield code="w">(DLC)sn 91059004</subfield></datafield><datafield ind1="0" ind2="7" tag="785"><subfield code="t">Shakopee Argus-tribune</subfield><subfield code="w">(DLC)sn 91059007</subfield></datafield></record>